<?xml version="1.0" encoding="utf-8"?>
<record xmlns="http://www.loc.gov/MARC21/slim" xmlns:xsi="http://www.w3.org/2001/XMLSchema-instance" xsi:schemaLocation="http://www.loc.gov/MARC21/slim http://www.loc.gov/standards/marcxml/schema/MARC21slim.xsd">
	<leader>     nam a22     Mi 4500</leader>
	<controlfield tag="001">857302</controlfield>
	<controlfield tag="003">NjP</controlfield>
	<controlfield tag="006">m        d        </controlfield>
	<controlfield tag="007">cr cn |||m|||a</controlfield>
	<controlfield tag="008">200505s1842    ua      o     000 0 arar </controlfield>
	<datafield ind1=" " ind2=" " tag="040">
		<subfield code="a">ZYU</subfield>
		<subfield code="b">ara</subfield>
		<subfield code="e">rda</subfield>
		<subfield code="c">ZYU</subfield>
	</datafield>
	<datafield ind1="1" ind2=" " tag="041">
		<subfield code="a">ara</subfield>
		<subfield code="h">eng</subfield>
	</datafield>
	<datafield ind1=" " ind2=" " tag="043">
		<subfield code="a">e------</subfield>
	</datafield>
	<datafield ind1="0" ind2="0" tag="050">
		<subfield code="a">DD179</subfield>
		<subfield code="b">.R612 1842</subfield>
	</datafield>
	<datafield ind1="1" ind2=" " tag="100">
		<subfield code="6">880-01</subfield>
		<subfield code="a">Robertson, William,</subfield>
		<subfield code="d">1721-1793.</subfield>
	</datafield>
	<datafield ind1="1" ind2="0" tag="240">
		<subfield code="a">History of the reign of the Emperor Charles V.</subfield>
		<subfield code="p">Progress of society in Europe.</subfield>
		<subfield code="l">Arabic</subfield>
	</datafield>
	<datafield ind1="1" ind2="0" tag="245">
		<subfield code="6">880-02</subfield>
		<subfield code="a">Hādhā kitāb itḥāf al-mulūk al-alibbāʼ bi-taqaddum al-jamʻīyāt fī bilād Ūrūbbā :</subfield>
		<subfield code="b">wa-huwa al-muqaddimah li-tārīkh al-Imbirāṭūr Sharlakān  /</subfield>
		<subfield code="c">naẓamahu fī silk al-tawārīkh al-ʻArabīyah Khalīfah ibn Maḥmūd.</subfield>
	</datafield>
	<datafield ind1=" " ind2=" " tag="260">
		<subfield code="6">880-03</subfield>
		<subfield code="a">Miṣr :</subfield>
		<subfield code="b">Maṭbaʻat Būlāq,</subfield>
		<subfield code="c">1258 [1842]</subfield>
	</datafield>
	<datafield ind1=" " ind2=" " tag="300">
		<subfield code="a">online resource (1 volume (various pagings))</subfield>
	</datafield>
	<datafield ind1=" " ind2=" " tag="336">
		<subfield code="a">text</subfield>
		<subfield code="2">rdacontent</subfield>
	</datafield>
	<datafield ind1=" " ind2=" " tag="337">
		<subfield code="a">computer</subfield>
		<subfield code="2">rdamedia</subfield>
	</datafield>
	<datafield ind1=" " ind2=" " tag="338">
		<subfield code="a">online resource</subfield>
		<subfield code="2">rdacarrier</subfield>
	</datafield>
	<datafield ind1=" " ind2=" " tag="500">
		<subfield code="a">Translation of: The history of the reign of Emperor Charles V, progress of society in Europe.</subfield>
	</datafield>
	<datafield ind1=" " ind2=" " tag="500">
		<subfield code="a">Part of the Arabic Collections Online (ACO) project, contributed by Princeton University Libraries.</subfield>
	</datafield>
	<datafield ind1=" " ind2=" " tag="533">
		<subfield code="a">Electronic reproduction.</subfield>
		<subfield code="b">New York, N.Y. :</subfield>
		<subfield code="c">New York University,</subfield>
		<subfield code="d">2020.</subfield>
		<subfield code="5">NNU</subfield>
	</datafield>
	<datafield ind1=" " ind2="0" tag="651">
		<subfield code="a">Europe</subfield>
		<subfield code="x">History</subfield>
		<subfield code="y">1492-1648.</subfield>
	</datafield>
	<datafield ind1="0" ind2="0" tag="600">
		<subfield code="a">Charles</subfield>
		<subfield code="b">V,</subfield>
		<subfield code="c">Holy Roman Emperor,</subfield>
		<subfield code="d">1500-1558.</subfield>
	</datafield>
	<datafield ind1=" " ind2="0" tag="651">
		<subfield code="a">Holy Roman Empire</subfield>
		<subfield code="x">History</subfield>
		<subfield code="y">Charles V, 1519-1556.</subfield>
	</datafield>
	<datafield ind1="0" ind2="7" tag="600">
		<subfield code="a">Charles</subfield>
		<subfield code="b">V,</subfield>
		<subfield code="c">Holy Roman Emperor,</subfield>
		<subfield code="d">1500-1558</subfield>
		<subfield code="2">fast</subfield>
		<subfield code="0">(OCoLC)fst00043382</subfield>
	</datafield>
	<datafield ind1=" " ind2="7" tag="651">
		<subfield code="a">Europe.</subfield>
		<subfield code="2">fast</subfield>
		<subfield code="0">(OCoLC)fst01245064</subfield>
	</datafield>
	<datafield ind1=" " ind2="7" tag="651">
		<subfield code="a">Europe</subfield>
		<subfield code="z">Holy Roman Empire.</subfield>
		<subfield code="2">fast</subfield>
		<subfield code="0">(OCoLC)fst01205344</subfield>
	</datafield>
	<datafield ind1=" " ind2="7" tag="648">
		<subfield code="a">1492-1648</subfield>
		<subfield code="2">fast</subfield>
	</datafield>
	<datafield ind1=" " ind2="7" tag="655">
		<subfield code="a">History.</subfield>
		<subfield code="2">fast</subfield>
		<subfield code="0">(OCoLC)fst01411628</subfield>
	</datafield>
	<datafield ind1="1" ind2=" " tag="700">
		<subfield code="6">880-04</subfield>
		<subfield code="a">Ibn Maḥmūd, Khalīfah,</subfield>
		<subfield code="d">active 19th century.</subfield>
	</datafield>
	<datafield ind1="2" ind2=" " tag="710">
		<subfield code="a">Princeton University.</subfield>
		<subfield code="b">Library.</subfield>
	</datafield>
	<datafield ind1="0" ind2=" " tag="730">
		<subfield code="a">Arabic Collections Online.</subfield>
	</datafield>
	<datafield ind1="0" ind2="8" tag="776">
		<subfield code="i">Online version:</subfield>
		<subfield code="a">Robertson, William, 1721-1793.</subfield>
		<subfield code="s">History of the reign of the Emperor Charles V. Progress of society in Europe. Arabic.</subfield>
		<subfield code="t">Hādhā kitāb itḥāf al-mulūk al-alibbāʼ bi-taqaddum al-jamʻīyāt fī bilād Ūrūbbā</subfield>
		<subfield code="d">Miṣr : Maṭbaʻat Būlāq, 1258 [1842]</subfield>
		<subfield code="w">(OCoLC)1102678187</subfield>
	</datafield>
	<datafield ind1="0" ind2="8" tag="776">
		<subfield code="i">Print version:</subfield>
		<subfield code="a">Robertson, William, 1721-1793.</subfield>
		<subfield code="t">Hādhā kitāb itḥāf al-mulūk al-alibbāʼ bi-taqaddum al-jamʻīyāt fī bilād Ūrūbbā</subfield>
		<subfield code="w">(NjP)857302</subfield>
		<subfield code="w">(DLC)  84961149 </subfield>
		<subfield code="w">(OCoLC)13760203</subfield>
	</datafield>
	<datafield ind1="4" ind2="0" tag="856">
		<subfield code="u">http://hdl.handle.net/2333.1/wm37q5dz</subfield>
	</datafield>
	<datafield ind1="1" ind2=" " tag="880">
		<subfield code="6">100-01</subfield>
		<subfield code="a">روبرتسون، وليم،</subfield>
		<subfield code="d">1721-1793.</subfield>
	</datafield>
	<datafield ind1="1" ind2="0" tag="880">
		<subfield code="6">245-02</subfield>
		<subfield code="a">هذا كتاب اتحاف الملوك الالباء بتقدم الجمعيات في بلاد اوروبا :</subfield>
		<subfield code="b">وهو المقدمة لتاريخ الامبراطور شرلكان  /</subfield>
		<subfield code="c">نظمه في سلك التواريخ العربية خليفة بن محمود.</subfield>
	</datafield>
	<datafield ind1=" " ind2=" " tag="880">
		<subfield code="6">260-03</subfield>
		<subfield code="a">مصر :</subfield>
		<subfield code="b">مطبعة بولاق،</subfield>
		<subfield code="c">1258 [1842]</subfield>
	</datafield>
	<datafield ind1="1" ind2=" " tag="880">
		<subfield code="6">700-04</subfield>
		<subfield code="a">ابن محمود، خليفة،</subfield>
		<subfield code="d">active 19th century.</subfield>
	</datafield>
	<datafield ind1=" " ind2=" " tag="959">
		<subfield code="a">NNU</subfield>
		<subfield code="b">WEB</subfield>
		<subfield code="c">GENI</subfield>
		<subfield code="t">0</subfield>
		<subfield code="m">Electronic access</subfield>
		<subfield code="s">01</subfield>
	</datafield>
	<datafield ind1=" " ind2=" " tag="999">
		<subfield code="i">NjP_857302</subfield>
		<subfield code="o">(OCoLC)ocm13760203</subfield>
		<subfield code="s">princeton_aco003680:</subfield>
		<subfield code="e">(ERROR-880)</subfield>
		<subfield code="s">princeton_aco003680:</subfield>
	</datafield>
</record>
